%YAML 1.1
%TAG !u! tag:unity3d.com,2011:
--- !u!65 &1171842224603434624
BoxCollider:
  m_ObjectHideFlags: 0
  m_CorrespondingSourceObject: {fileID: 0}
  m_PrefabInstance: {fileID: 0}
  m_PrefabAsset: {fileID: 0}
  m_GameObject: {fileID: 1231863797615813378}
  m_Material: {fileID: 0}
  m_IsTrigger: 1
  m_Enabled: 1
  serializedVersion: 2
  m_Size: {x: 0.1, y: 1, z: 0.1}
  m_Center: {x: 0, y: 0.8, z: 0}
--- !u!1 &8558134589696417683
GameObject:
  m_ObjectHideFlags: 0
  m_CorrespondingSourceObject: {fileID: 0}
  m_PrefabInstance: {fileID: 0}
  m_PrefabAsset: {fileID: 0}
  serializedVersion: 6
  m_Component:
  - component: {fileID: 8425630094204155}
  - component: {fileID: 3602896097806132541}
  m_Layer: 0
  m_Name: PathPieces_4
  m_TagString: Untagged
  m_Icon: {fileID: 0}
  m_NavMeshLayer: 0
  m_StaticEditorFlags: 0
  m_IsActive: 1
--- !u!4 &8425630094204155
Transform:
  m_ObjectHideFlags: 0
  m_CorrespondingSourceObject: {fileID: 0}
  m_PrefabInstance: {fileID: 0}
  m_PrefabAsset: {fileID: 0}
  m_GameObject: {fileID: 8558134589696417683}
  m_LocalRotation: {x: 0, y: 0, z: 0, w: 1}
  m_LocalPosition: {x: 0, y: 0, z: 0}
  m_LocalScale: {x: 1, y: 1, z: 1}
  m_Children:
  - {fileID: 8747494056094114763}
  - {fileID: 1897041512927967672}
  - {fileID: 738706377054124153}
  - {fileID: 2102528854193177910}
  m_Father: {fileID: 0}
  m_RootOrder: 0
  m_LocalEulerAnglesHint: {x: 0, y: 0, z: 0}
--- !u!114 &3602896097806132541
MonoBehaviour:
  m_ObjectHideFlags: 0
  m_CorrespondingSourceObject: {fileID: 0}
  m_PrefabInstance: {fileID: 0}
  m_PrefabAsset: {fileID: 0}
  m_GameObject: {fileID: 8558134589696417683}
  m_Enabled: 1
  m_EditorHideFlags: 0
  m_Script: {fileID: 11500000, guid: f032c0a427b34250ab3970e71349077c, type: 3}
  m_Name: 
  m_EditorClassIdentifier: 
  onPlacement: {fileID: 11400000, guid: 2a56966cf0dd9e645aef5759bc212f8d, type: 2}
  pieces:
  - {fileID: 6967177616211814722}
  - {fileID: 358206069773602751}
  - {fileID: 7480031268425930188}
  - {fileID: 8637240476422525965}
  tileLayer:
    serializedVersion: 2
    m_Bits: 8
  offSet: {x: 0, y: 0, z: 0}
--- !u!1001 &22496954296463311
PrefabInstance:
  m_ObjectHideFlags: 0
  serializedVersion: 2
  m_Modification:
    m_TransformParent: {fileID: 8425630094204155}
    m_Modifications:
    - target: {fileID: 1596968804672319555, guid: 70bc10bbd02fc31438ea00b91ef3a21e, type: 3}
      propertyPath: m_Name
      value: PathPiece (4)
      objectReference: {fileID: 0}
    - target: {fileID: 2117327369251318521, guid: 70bc10bbd02fc31438ea00b91ef3a21e, type: 3}
      propertyPath: m_RootOrder
      value: 3
      objectReference: {fileID: 0}
    - target: {fileID: 2117327369251318521, guid: 70bc10bbd02fc31438ea00b91ef3a21e, type: 3}
      propertyPath: m_LocalPosition.x
      value: -1
      objectReference: {fileID: 0}
    - target: {fileID: 2117327369251318521, guid: 70bc10bbd02fc31438ea00b91ef3a21e, type: 3}
      propertyPath: m_LocalPosition.y
      value: 0
      objectReference: {fileID: 0}
    - target: {fileID: 2117327369251318521, guid: 70bc10bbd02fc31438ea00b91ef3a21e, type: 3}
      propertyPath: m_LocalPosition.z
      value: -1
      objectReference: {fileID: 0}
    - target: {fileID: 2117327369251318521, guid: 70bc10bbd02fc31438ea00b91ef3a21e, type: 3}
      propertyPath: m_LocalRotation.w
      value: 1
      objectReference: {fileID: 0}
    - target: {fileID: 2117327369251318521, guid: 70bc10bbd02fc31438ea00b91ef3a21e, type: 3}
      propertyPath: m_LocalRotation.x
      value: 0
      objectReference: {fileID: 0}
    - target: {fileID: 2117327369251318521, guid: 70bc10bbd02fc31438ea00b91ef3a21e, type: 3}
      propertyPath: m_LocalRotation.y
      value: -0
      objectReference: {fileID: 0}
    - target: {fileID: 2117327369251318521, guid: 70bc10bbd02fc31438ea00b91ef3a21e, type: 3}
      propertyPath: m_LocalRotation.z
      value: -0
      objectReference: {fileID: 0}
    - target: {fileID: 2117327369251318521, guid: 70bc10bbd02fc31438ea00b91ef3a21e, type: 3}
      propertyPath: m_LocalEulerAnglesHint.x
      value: 0
      objectReference: {fileID: 0}
    - target: {fileID: 2117327369251318521, guid: 70bc10bbd02fc31438ea00b91ef3a21e, type: 3}
      propertyPath: m_LocalEulerAnglesHint.y
      value: 0
      objectReference: {fileID: 0}
    - target: {fileID: 2117327369251318521, guid: 70bc10bbd02fc31438ea00b91ef3a21e, type: 3}
      propertyPath: m_LocalEulerAnglesHint.z
      value: 0
      objectReference: {fileID: 0}
    m_RemovedComponents: []
  m_SourcePrefab: {fileID: 100100000, guid: 70bc10bbd02fc31438ea00b91ef3a21e, type: 3}
--- !u!4 &2102528854193177910 stripped
Transform:
  m_CorrespondingSourceObject: {fileID: 2117327369251318521, guid: 70bc10bbd02fc31438ea00b91ef3a21e, type: 3}
  m_PrefabInstance: {fileID: 22496954296463311}
  m_PrefabAsset: {fileID: 0}
--- !u!114 &6967177616211814722 stripped
MonoBehaviour:
  m_CorrespondingSourceObject: {fileID: 6989463461546018445, guid: 70bc10bbd02fc31438ea00b91ef3a21e, type: 3}
  m_PrefabInstance: {fileID: 22496954296463311}
  m_PrefabAsset: {fileID: 0}
  m_GameObject: {fileID: 0}
  m_Enabled: 1
  m_EditorHideFlags: 0
  m_Script: {fileID: 11500000, guid: 6d39d97979524326a157e3d044c01242, type: 3}
  m_Name: 
  m_EditorClassIdentifier: 
--- !u!1001 &518449635322385217
PrefabInstance:
  m_ObjectHideFlags: 0
  serializedVersion: 2
  m_Modification:
    m_TransformParent: {fileID: 8425630094204155}
    m_Modifications:
    - target: {fileID: 1596968804672319555, guid: 70bc10bbd02fc31438ea00b91ef3a21e, type: 3}
      propertyPath: m_Name
      value: PathPiece (2)
      objectReference: {fileID: 0}
    - target: {fileID: 2117327369251318521, guid: 70bc10bbd02fc31438ea00b91ef3a21e, type: 3}
      propertyPath: m_RootOrder
      value: 1
      objectReference: {fileID: 0}
    - target: {fileID: 2117327369251318521, guid: 70bc10bbd02fc31438ea00b91ef3a21e, type: 3}
      propertyPath: m_LocalPosition.x
      value: 0
      objectReference: {fileID: 0}
    - target: {fileID: 2117327369251318521, guid: 70bc10bbd02fc31438ea00b91ef3a21e, type: 3}
      propertyPath: m_LocalPosition.y
      value: 0
      objectReference: {fileID: 0}
    - target: {fileID: 2117327369251318521, guid: 70bc10bbd02fc31438ea00b91ef3a21e, type: 3}
      propertyPath: m_LocalPosition.z
      value: -0.000000029802322
      objectReference: {fileID: 0}
    - target: {fileID: 2117327369251318521, guid: 70bc10bbd02fc31438ea00b91ef3a21e, type: 3}
      propertyPath: m_LocalRotation.w
      value: 1
      objectReference: {fileID: 0}
    - target: {fileID: 2117327369251318521, guid: 70bc10bbd02fc31438ea00b91ef3a21e, type: 3}
      propertyPath: m_LocalRotation.x
      value: 0
      objectReference: {fileID: 0}
    - target: {fileID: 2117327369251318521, guid: 70bc10bbd02fc31438ea00b91ef3a21e, type: 3}
      propertyPath: m_LocalRotation.y
      value: -0
      objectReference: {fileID: 0}
    - target: {fileID: 2117327369251318521, guid: 70bc10bbd02fc31438ea00b91ef3a21e, type: 3}
      propertyPath: m_LocalRotation.z
      value: -0
      objectReference: {fileID: 0}
    - target: {fileID: 2117327369251318521, guid: 70bc10bbd02fc31438ea00b91ef3a21e, type: 3}
      propertyPath: m_LocalEulerAnglesHint.x
      value: 0
      objectReference: {fileID: 0}
    - target: {fileID: 2117327369251318521, guid: 70bc10bbd02fc31438ea00b91ef3a21e, type: 3}
      propertyPath: m_LocalEulerAnglesHint.y
      value: 0
      objectReference: {fileID: 0}
    - target: {fileID: 2117327369251318521, guid: 70bc10bbd02fc31438ea00b91ef3a21e, type: 3}
      propertyPath: m_LocalEulerAnglesHint.z
      value: 0
      objectReference: {fileID: 0}
    - target: {fileID: 6989463461546018445, guid: 70bc10bbd02fc31438ea00b91ef3a21e, type: 3}
      propertyPath: behavior
      value: 1
      objectReference: {fileID: 0}
    - target: {fileID: 6989463461546018445, guid: 70bc10bbd02fc31438ea00b91ef3a21e, type: 3}
      propertyPath: direction
      value: 
      objectReference: {fileID: 697228721705729425}
    - target: {fileID: 6989463461546018445, guid: 70bc10bbd02fc31438ea00b91ef3a21e, type: 3}
      propertyPath: direction.y
      value: -1
      objectReference: {fileID: 0}
    m_RemovedComponents: []
  m_SourcePrefab: {fileID: 100100000, guid: 70bc10bbd02fc31438ea00b91ef3a21e, type: 3}
--- !u!1 &1231863797615813378 stripped
GameObject:
  m_CorrespondingSourceObject: {fileID: 1596968804672319555, guid: 70bc10bbd02fc31438ea00b91ef3a21e, type: 3}
  m_PrefabInstance: {fileID: 518449635322385217}
  m_PrefabAsset: {fileID: 0}
--- !u!4 &1897041512927967672 stripped
Transform:
  m_CorrespondingSourceObject: {fileID: 2117327369251318521, guid: 70bc10bbd02fc31438ea00b91ef3a21e, type: 3}
  m_PrefabInstance: {fileID: 518449635322385217}
  m_PrefabAsset: {fileID: 0}
--- !u!114 &7480031268425930188 stripped
MonoBehaviour:
  m_CorrespondingSourceObject: {fileID: 6989463461546018445, guid: 70bc10bbd02fc31438ea00b91ef3a21e, type: 3}
  m_PrefabInstance: {fileID: 518449635322385217}
  m_PrefabAsset: {fileID: 0}
  m_GameObject: {fileID: 1231863797615813378}
  m_Enabled: 1
  m_EditorHideFlags: 0
  m_Script: {fileID: 11500000, guid: 6d39d97979524326a157e3d044c01242, type: 3}
  m_Name: 
  m_EditorClassIdentifier: 
--- !u!1001 &1666942705408643712
PrefabInstance:
  m_ObjectHideFlags: 0
  serializedVersion: 2
  m_Modification:
    m_TransformParent: {fileID: 8425630094204155}
    m_Modifications:
    - target: {fileID: 1596968804672319555, guid: 70bc10bbd02fc31438ea00b91ef3a21e, type: 3}
      propertyPath: m_Name
      value: PathPiece (3)
      objectReference: {fileID: 0}
    - target: {fileID: 2117327369251318521, guid: 70bc10bbd02fc31438ea00b91ef3a21e, type: 3}
      propertyPath: m_RootOrder
      value: 2
      objectReference: {fileID: 0}
    - target: {fileID: 2117327369251318521, guid: 70bc10bbd02fc31438ea00b91ef3a21e, type: 3}
      propertyPath: m_LocalPosition.x
      value: -1
      objectReference: {fileID: 0}
    - target: {fileID: 2117327369251318521, guid: 70bc10bbd02fc31438ea00b91ef3a21e, type: 3}
      propertyPath: m_LocalPosition.y
      value: 0
      objectReference: {fileID: 0}
    - target: {fileID: 2117327369251318521, guid: 70bc10bbd02fc31438ea00b91ef3a21e, type: 3}
      propertyPath: m_LocalPosition.z
      value: 0
      objectReference: {fileID: 0}
    - target: {fileID: 2117327369251318521, guid: 70bc10bbd02fc31438ea00b91ef3a21e, type: 3}
      propertyPath: m_LocalRotation.w
      value: 1
      objectReference: {fileID: 0}
    - target: {fileID: 2117327369251318521, guid: 70bc10bbd02fc31438ea00b91ef3a21e, type: 3}
      propertyPath: m_LocalRotation.x
      value: 0
      objectReference: {fileID: 0}
    - target: {fileID: 2117327369251318521, guid: 70bc10bbd02fc31438ea00b91ef3a21e, type: 3}
      propertyPath: m_LocalRotation.y
      value: -0
      objectReference: {fileID: 0}
    - target: {fileID: 2117327369251318521, guid: 70bc10bbd02fc31438ea00b91ef3a21e, type: 3}
      propertyPath: m_LocalRotation.z
      value: -0
      objectReference: {fileID: 0}
    - target: {fileID: 2117327369251318521, guid: 70bc10bbd02fc31438ea00b91ef3a21e, type: 3}
      propertyPath: m_LocalEulerAnglesHint.x
      value: 0
      objectReference: {fileID: 0}
    - target: {fileID: 2117327369251318521, guid: 70bc10bbd02fc31438ea00b91ef3a21e, type: 3}
      propertyPath: m_LocalEulerAnglesHint.y
      value: 0
      objectReference: {fileID: 0}
    - target: {fileID: 2117327369251318521, guid: 70bc10bbd02fc31438ea00b91ef3a21e, type: 3}
      propertyPath: m_LocalEulerAnglesHint.z
      value: 0
      objectReference: {fileID: 0}
    m_RemovedComponents: []
  m_SourcePrefab: {fileID: 100100000, guid: 70bc10bbd02fc31438ea00b91ef3a21e, type: 3}
--- !u!4 &738706377054124153 stripped
Transform:
  m_CorrespondingSourceObject: {fileID: 2117327369251318521, guid: 70bc10bbd02fc31438ea00b91ef3a21e, type: 3}
  m_PrefabInstance: {fileID: 1666942705408643712}
  m_PrefabAsset: {fileID: 0}
--- !u!114 &8637240476422525965 stripped
MonoBehaviour:
  m_CorrespondingSourceObject: {fileID: 6989463461546018445, guid: 70bc10bbd02fc31438ea00b91ef3a21e, type: 3}
  m_PrefabInstance: {fileID: 1666942705408643712}
  m_PrefabAsset: {fileID: 0}
  m_GameObject: {fileID: 0}
  m_Enabled: 1
  m_EditorHideFlags: 0
  m_Script: {fileID: 11500000, guid: 6d39d97979524326a157e3d044c01242, type: 3}
  m_Name: 
  m_EditorClassIdentifier: 
--- !u!1001 &5538151687454551318
PrefabInstance:
  m_ObjectHideFlags: 0
  serializedVersion: 2
  m_Modification:
    m_TransformParent: {fileID: 1897041512927967672}
    m_Modifications:
    - target: {fileID: 5005322494224978055, guid: 404d4c80708632c44940f7ec378819e7, type: 3}
      propertyPath: m_RootOrder
      value: 0
      objectReference: {fileID: 0}
    - target: {fileID: 5005322494224978055, guid: 404d4c80708632c44940f7ec378819e7, type: 3}
      propertyPath: m_LocalPosition.x
      value: 0
      objectReference: {fileID: 0}
    - target: {fileID: 5005322494224978055, guid: 404d4c80708632c44940f7ec378819e7, type: 3}
      propertyPath: m_LocalPosition.y
      value: 0
      objectReference: {fileID: 0}
    - target: {fileID: 5005322494224978055, guid: 404d4c80708632c44940f7ec378819e7, type: 3}
      propertyPath: m_LocalPosition.z
      value: 0
      objectReference: {fileID: 0}
    - target: {fileID: 5005322494224978055, guid: 404d4c80708632c44940f7ec378819e7, type: 3}
      propertyPath: m_LocalRotation.w
      value: 1
      objectReference: {fileID: 0}
    - target: {fileID: 5005322494224978055, guid: 404d4c80708632c44940f7ec378819e7, type: 3}
      propertyPath: m_LocalRotation.x
      value: 0
      objectReference: {fileID: 0}
    - target: {fileID: 5005322494224978055, guid: 404d4c80708632c44940f7ec378819e7, type: 3}
      propertyPath: m_LocalRotation.y
      value: 0
      objectReference: {fileID: 0}
    - target: {fileID: 5005322494224978055, guid: 404d4c80708632c44940f7ec378819e7, type: 3}
      propertyPath: m_LocalRotation.z
      value: 0
      objectReference: {fileID: 0}
    - target: {fileID: 5005322494224978055, guid: 404d4c80708632c44940f7ec378819e7, type: 3}
      propertyPath: m_LocalEulerAnglesHint.x
      value: 0
      objectReference: {fileID: 0}
    - target: {fileID: 5005322494224978055, guid: 404d4c80708632c44940f7ec378819e7, type: 3}
      propertyPath: m_LocalEulerAnglesHint.y
      value: 0
      objectReference: {fileID: 0}
    - target: {fileID: 5005322494224978055, guid: 404d4c80708632c44940f7ec378819e7, type: 3}
      propertyPath: m_LocalEulerAnglesHint.z
      value: 0
      objectReference: {fileID: 0}
    - target: {fileID: 5340306924496304524, guid: 404d4c80708632c44940f7ec378819e7, type: 3}
      propertyPath: m_Name
      value: ArrowCentered
      objectReference: {fileID: 0}
    m_RemovedComponents: []
  m_SourcePrefab: {fileID: 100100000, guid: 404d4c80708632c44940f7ec378819e7, type: 3}
--- !u!4 &697228721705729425 stripped
Transform:
  m_CorrespondingSourceObject: {fileID: 5005322494224978055, guid: 404d4c80708632c44940f7ec378819e7, type: 3}
  m_PrefabInstance: {fileID: 5538151687454551318}
  m_PrefabAsset: {fileID: 0}
--- !u!1001 &7207753339226507570
PrefabInstance:
  m_ObjectHideFlags: 0
  serializedVersion: 2
  m_Modification:
    m_TransformParent: {fileID: 8425630094204155}
    m_Modifications:
    - target: {fileID: 1596968804672319555, guid: 70bc10bbd02fc31438ea00b91ef3a21e, type: 3}
      propertyPath: m_Name
      value: PathPiece (1)
      objectReference: {fileID: 0}
    - target: {fileID: 2117327369251318521, guid: 70bc10bbd02fc31438ea00b91ef3a21e, type: 3}
      propertyPath: m_RootOrder
      value: 0
      objectReference: {fileID: 0}
    - target: {fileID: 2117327369251318521, guid: 70bc10bbd02fc31438ea00b91ef3a21e, type: 3}
      propertyPath: m_LocalPosition.x
      value: 0
      objectReference: {fileID: 0}
    - target: {fileID: 2117327369251318521, guid: 70bc10bbd02fc31438ea00b91ef3a21e, type: 3}
      propertyPath: m_LocalPosition.y
      value: 0
      objectReference: {fileID: 0}
    - target: {fileID: 2117327369251318521, guid: 70bc10bbd02fc31438ea00b91ef3a21e, type: 3}
      propertyPath: m_LocalPosition.z
      value: 1
      objectReference: {fileID: 0}
    - target: {fileID: 2117327369251318521, guid: 70bc10bbd02fc31438ea00b91ef3a21e, type: 3}
      propertyPath: m_LocalRotation.w
      value: 1
      objectReference: {fileID: 0}
    - target: {fileID: 2117327369251318521, guid: 70bc10bbd02fc31438ea00b91ef3a21e, type: 3}
      propertyPath: m_LocalRotation.x
      value: 0
      objectReference: {fileID: 0}
    - target: {fileID: 2117327369251318521, guid: 70bc10bbd02fc31438ea00b91ef3a21e, type: 3}
      propertyPath: m_LocalRotation.y
      value: -0
      objectReference: {fileID: 0}
    - target: {fileID: 2117327369251318521, guid: 70bc10bbd02fc31438ea00b91ef3a21e, type: 3}
      propertyPath: m_LocalRotation.z
      value: -0
      objectReference: {fileID: 0}
    - target: {fileID: 2117327369251318521, guid: 70bc10bbd02fc31438ea00b91ef3a21e, type: 3}
      propertyPath: m_LocalEulerAnglesHint.x
      value: 0
      objectReference: {fileID: 0}
    - target: {fileID: 2117327369251318521, guid: 70bc10bbd02fc31438ea00b91ef3a21e, type: 3}
      propertyPath: m_LocalEulerAnglesHint.y
      value: 0
      objectReference: {fileID: 0}
    - target: {fileID: 2117327369251318521, guid: 70bc10bbd02fc31438ea00b91ef3a21e, type: 3}
      propertyPath: m_LocalEulerAnglesHint.z
      value: 0
      objectReference: {fileID: 0}
    m_RemovedComponents: []
  m_SourcePrefab: {fileID: 100100000, guid: 70bc10bbd02fc31438ea00b91ef3a21e, type: 3}
--- !u!4 &8747494056094114763 stripped
Transform:
  m_CorrespondingSourceObject: {fileID: 2117327369251318521, guid: 70bc10bbd02fc31438ea00b91ef3a21e, type: 3}
  m_PrefabInstance: {fileID: 7207753339226507570}
  m_PrefabAsset: {fileID: 0}
--- !u!114 &358206069773602751 stripped
MonoBehaviour:
  m_CorrespondingSourceObject: {fileID: 6989463461546018445, guid: 70bc10bbd02fc31438ea00b91ef3a21e, type: 3}
  m_PrefabInstance: {fileID: 7207753339226507570}
  m_PrefabAsset: {fileID: 0}
  m_GameObject: {fileID: 0}
  m_Enabled: 1
  m_EditorHideFlags: 0
  m_Script: {fileID: 11500000, guid: 6d39d97979524326a157e3d044c01242, type: 3}
  m_Name: 
  m_EditorClassIdentifier: 
