%YAML 1.1
%TAG !u! tag:unity3d.com,2011:
--- !u!1 &1596968804672319555
GameObject:
  m_ObjectHideFlags: 0
  m_CorrespondingSourceObject: {fileID: 0}
  m_PrefabInstance: {fileID: 0}
  m_PrefabAsset: {fileID: 0}
  serializedVersion: 6
  m_Component:
  - component: {fileID: 2117327369251318521}
  - component: {fileID: 3084290178393630044}
  - component: {fileID: 948411081694384534}
  - component: {fileID: 6989463461546018445}
  - component: {fileID: -7311075859573999601}
  m_Layer: 0
  m_Name: DirectionPiece
  m_TagString: Untagged
  m_Icon: {fileID: 0}
  m_NavMeshLayer: 0
  m_StaticEditorFlags: 0
  m_IsActive: 1
--- !u!4 &2117327369251318521
Transform:
  m_ObjectHideFlags: 0
  m_CorrespondingSourceObject: {fileID: 0}
  m_PrefabInstance: {fileID: 0}
  m_PrefabAsset: {fileID: 0}
  m_GameObject: {fileID: 1596968804672319555}
  m_LocalRotation: {x: 0, y: -0, z: -0, w: 1}
  m_LocalPosition: {x: -0, y: 0, z: 0}
  m_LocalScale: {x: 1, y: 1, z: 1}
  m_Children:
  - {fileID: 619417162472536038}
  m_Father: {fileID: 0}
  m_RootOrder: 0
  m_LocalEulerAnglesHint: {x: 0, y: 0, z: 0}
--- !u!33 &3084290178393630044
MeshFilter:
  m_ObjectHideFlags: 0
  m_CorrespondingSourceObject: {fileID: 0}
  m_PrefabInstance: {fileID: 0}
  m_PrefabAsset: {fileID: 0}
  m_GameObject: {fileID: 1596968804672319555}
  m_Mesh: {fileID: 4068373912626513877, guid: f2ed00d8d76260441aba83b9ed784ca2, type: 3}
--- !u!23 &948411081694384534
MeshRenderer:
  m_ObjectHideFlags: 0
  m_CorrespondingSourceObject: {fileID: 0}
  m_PrefabInstance: {fileID: 0}
  m_PrefabAsset: {fileID: 0}
  m_GameObject: {fileID: 1596968804672319555}
  m_Enabled: 1
  m_CastShadows: 1
  m_ReceiveShadows: 1
  m_DynamicOccludee: 1
  m_StaticShadowCaster: 0
  m_MotionVectors: 1
  m_LightProbeUsage: 1
  m_ReflectionProbeUsage: 1
  m_RayTracingMode: 2
  m_RayTraceProcedural: 0
  m_RenderingLayerMask: 1
  m_RendererPriority: 0
  m_Materials:
  - {fileID: 2100000, guid: 1edbbff659fc12449a06cf1280d4c7d9, type: 2}
  - {fileID: 2100000, guid: a44c33bc227b6d74ca27a565129cac3b, type: 2}
  m_StaticBatchInfo:
    firstSubMesh: 0
    subMeshCount: 0
  m_StaticBatchRoot: {fileID: 0}
  m_ProbeAnchor: {fileID: 0}
  m_LightProbeVolumeOverride: {fileID: 0}
  m_ScaleInLightmap: 1
  m_ReceiveGI: 1
  m_PreserveUVs: 0
  m_IgnoreNormalsForChartDetection: 0
  m_ImportantGI: 0
  m_StitchLightmapSeams: 1
  m_SelectedEditorRenderState: 3
  m_MinimumChartSize: 4
  m_AutoUVMaxDistance: 0.5
  m_AutoUVMaxAngle: 89
  m_LightmapParameters: {fileID: 0}
  m_SortingLayerID: 0
  m_SortingLayer: 0
  m_SortingOrder: 0
  m_AdditionalVertexStreams: {fileID: 0}
--- !u!114 &6989463461546018445
MonoBehaviour:
  m_ObjectHideFlags: 0
  m_CorrespondingSourceObject: {fileID: 0}
  m_PrefabInstance: {fileID: 0}
  m_PrefabAsset: {fileID: 0}
  m_GameObject: {fileID: 1596968804672319555}
  m_Enabled: 1
  m_EditorHideFlags: 0
  m_Script: {fileID: 11500000, guid: 6d39d97979524326a157e3d044c01242, type: 3}
  m_Name: 
  m_EditorClassIdentifier: 
  behavior: 1
  direction: {fileID: 619417162472536038}
--- !u!65 &-7311075859573999601
BoxCollider:
  m_ObjectHideFlags: 0
  m_CorrespondingSourceObject: {fileID: 0}
  m_PrefabInstance: {fileID: 0}
  m_PrefabAsset: {fileID: 0}
  m_GameObject: {fileID: 1596968804672319555}
  m_Material: {fileID: 0}
  m_IsTrigger: 1
  m_Enabled: 1
  serializedVersion: 2
  m_Size: {x: 0.1, y: 1, z: 0.1}
  m_Center: {x: 0, y: 0.8, z: 0}
--- !u!1001 &5615679680867329889
PrefabInstance:
  m_ObjectHideFlags: 0
  serializedVersion: 2
  m_Modification:
    m_TransformParent: {fileID: 2117327369251318521}
    m_Modifications:
    - target: {fileID: 5005322494224978055, guid: 404d4c80708632c44940f7ec378819e7, type: 3}
      propertyPath: m_RootOrder
      value: 0
      objectReference: {fileID: 0}
    - target: {fileID: 5005322494224978055, guid: 404d4c80708632c44940f7ec378819e7, type: 3}
      propertyPath: m_LocalPosition.x
      value: 0
      objectReference: {fileID: 0}
    - target: {fileID: 5005322494224978055, guid: 404d4c80708632c44940f7ec378819e7, type: 3}
      propertyPath: m_LocalPosition.y
      value: 0
      objectReference: {fileID: 0}
    - target: {fileID: 5005322494224978055, guid: 404d4c80708632c44940f7ec378819e7, type: 3}
      propertyPath: m_LocalPosition.z
      value: 0
      objectReference: {fileID: 0}
    - target: {fileID: 5005322494224978055, guid: 404d4c80708632c44940f7ec378819e7, type: 3}
      propertyPath: m_LocalRotation.w
      value: 1
      objectReference: {fileID: 0}
    - target: {fileID: 5005322494224978055, guid: 404d4c80708632c44940f7ec378819e7, type: 3}
      propertyPath: m_LocalRotation.x
      value: 0
      objectReference: {fileID: 0}
    - target: {fileID: 5005322494224978055, guid: 404d4c80708632c44940f7ec378819e7, type: 3}
      propertyPath: m_LocalRotation.y
      value: 0
      objectReference: {fileID: 0}
    - target: {fileID: 5005322494224978055, guid: 404d4c80708632c44940f7ec378819e7, type: 3}
      propertyPath: m_LocalRotation.z
      value: 0
      objectReference: {fileID: 0}
    - target: {fileID: 5005322494224978055, guid: 404d4c80708632c44940f7ec378819e7, type: 3}
      propertyPath: m_LocalEulerAnglesHint.x
      value: 0
      objectReference: {fileID: 0}
    - target: {fileID: 5005322494224978055, guid: 404d4c80708632c44940f7ec378819e7, type: 3}
      propertyPath: m_LocalEulerAnglesHint.y
      value: 0
      objectReference: {fileID: 0}
    - target: {fileID: 5005322494224978055, guid: 404d4c80708632c44940f7ec378819e7, type: 3}
      propertyPath: m_LocalEulerAnglesHint.z
      value: 0
      objectReference: {fileID: 0}
    - target: {fileID: 5340306924496304524, guid: 404d4c80708632c44940f7ec378819e7, type: 3}
      propertyPath: m_Name
      value: ArrowCentered
      objectReference: {fileID: 0}
    m_RemovedComponents: []
  m_SourcePrefab: {fileID: 100100000, guid: 404d4c80708632c44940f7ec378819e7, type: 3}
--- !u!4 &619417162472536038 stripped
Transform:
  m_CorrespondingSourceObject: {fileID: 5005322494224978055, guid: 404d4c80708632c44940f7ec378819e7, type: 3}
  m_PrefabInstance: {fileID: 5615679680867329889}
  m_PrefabAsset: {fileID: 0}
